<record><leader>00000cas a22000007a 4500</leader><controlfield tag="001">11472698</controlfield><controlfield tag="008">841210d18281828mduwr ne      0    0eng d</controlfield><datafield ind1=" " ind2=" " tag="010"><subfield code="a">sn 84038738 </subfield></datafield><datafield ind1=" " ind2=" " tag="040"><subfield code="a">NPX</subfield><subfield code="b">eng</subfield><subfield code="c">NPX</subfield><subfield code="d">MFN</subfield><subfield code="d">OCLCG</subfield><subfield code="d">OCLCQ</subfield><subfield code="d">OCLCF</subfield></datafield><datafield ind1="1" ind2=" " tag="029"><subfield code="a">AU@</subfield><subfield code="b">000025823330</subfield></datafield><datafield ind1=" " ind2=" " tag="042"><subfield code="a">msc</subfield></datafield><datafield ind1="0" ind2="4" tag="245"><subfield code="a">The weekly Marylander.</subfield></datafield><datafield ind1=" " ind2=" " tag="260"><subfield code="a">Baltimore, Md. :</subfield><subfield code="b">E.P. Roberts</subfield></datafield><datafield ind1=" " ind2=" " tag="300"><subfield code="a">v.</subfield></datafield><datafield ind1=" " ind2=" " tag="310"><subfield code="a">Weekly</subfield></datafield><datafield ind1="1" ind2=" " tag="362"><subfield code="a">Began with Apr. 24, 1828 issue.</subfield></datafield><datafield ind1="0" ind2=" " tag="362"><subfield code="a">-v. 1, no. 29 (Nov. 6, 1828).</subfield></datafield><datafield ind1=" " ind2=" " tag="500"><subfield code="a">Anti-Jacksonian campaign paper, supporting John Quincy Adams for president.</subfield></datafield><datafield ind1=" " ind2=" " tag="588"><subfield code="a">Description based on: Vol. 1, no. 2 (May 1, 1828).</subfield></datafield><datafield ind1="1" ind2="0" tag="600"><subfield code="a">Jackson, Andrew,</subfield><subfield code="d">1767-1845.</subfield></datafield><datafield ind1="1" ind2="0" tag="600"><subfield code="a">Adams, John Quincy,</subfield><subfield code="d">1767-1848.</subfield></datafield><datafield ind1="1" ind2="7" tag="600"><subfield code="a">Adams, John Quincy,</subfield><subfield code="d">1767-1848.</subfield><subfield code="2">fast</subfield><subfield code="0">(OCoLC)fst00046795</subfield></datafield><datafield ind1="1" ind2="7" tag="600"><subfield code="a">Jackson, Andrew,</subfield><subfield code="d">1767-1845.</subfield><subfield code="2">fast</subfield><subfield code="0">(OCoLC)fst00040485</subfield></datafield><datafield ind1=" " ind2=" " tag="752"><subfield code="a">United States</subfield><subfield code="b">Maryland</subfield><subfield code="d">Baltimore.</subfield></datafield></record>